@article{banz1981relationship,
  title={The relationship between return and market value of common stocks},
  author={Banz, Rolf W},
  journal={Journal of financial economics},
  volume={9},
  number={1},
  pages={3--18},
  year={1981},
  publisher={Elsevier}
}

@article{avramov2006exact,
  title={An exact bayes test of asset pricing models with application to international markets},
  author={Avramov, Doron and Chao, John C},
  journal={The Journal of Business},
  volume={79},
  number={1},
  pages={293--324},
  year={2006},
  publisher={JSTOR}
}

@article{cederburg2015asset,
  title={Asset-pricing anomalies at the firm level},
  author={Cederburg, Scott and Oâ€™Doherty, Michael S},
  journal={Journal of Econometrics},
  volume={186},
  number={1},
  pages={113--128},
  year={2015},
  publisher={Elsevier}
}

@article{coles2006does,
  title={Does the choice of model or benchmark affect inference in measuring mutual fund performance?},
  author={Coles, Jeffrey L and Daniel, Naveen D and Nardari, Federico},
  year={2006}
}

@article{cremers2009active,
  title={How active is your fund manager? A new measure that predicts performance},
  author={Cremers, KJ Martijn and Petajisto, Antti},
  journal={The Review of Financial Studies},
  volume={22},
  number={9},
  pages={3329--3365},
  year={2009},
  publisher={Oxford University Press}
}

@article{kacperczyk2005industry,
  title={On the industry concentration of actively managed equity mutual funds},
  author={Kacperczyk, Marcin and Sialm, Clemens and Zheng, Lu},
  journal={The Journal of Finance},
  volume={60},
  number={4},
  pages={1983--2011},
  year={2005},
  publisher={Wiley Online Library}
}

@article{jegadeesh2019empirical,
    title={Empirical Tests of Asset Pricing Models with Individual Assets: Resolving the Errors-in-Variables Bias in Risk Premium Estimation},
    journal={Journal of Financial Economics},
    volume={forthcoming},
    year={2019}
}

@article{blitz2012another,
  title={Another look at the performance of actively managed equity mutual funds},
  author={Blitz, David and Huij, Joop},
  year={2012}
}
@article{sharpe1964capital,
  title={Capital asset prices: A theory of market equilibrium under conditions of risk},
  author={Sharpe, William F},
  journal={The journal of finance},
  volume={19},
  number={3},
  pages={425--442},
  year={1964},
  publisher={Wiley Online Library}
}

@article{lintner1965valuation,
  title={The valuation of risk assets and the selection of risky investments in stock portfolios and capital budgets},
  author={Lintner, John},
  journal={The review of economics and statistics},
  pages={13--37},
  year={1965},
  publisher={JSTOR}
}

@article{brennan1998alternative,
  title={Alternative factor specifications, security characteristics, and the cross-section of expected stock returns},
  author={Brennan, Michael J and Chordia, Tarun and Subrahmanyam, Avanidhar},
  journal={Journal of Financial Economics},
  volume={49},
  number={3},
  pages={345--373},
  year={1998},
  publisher={Elsevier}
}

@article{daniel1997measuring,
  title={Measuring mutual fund performance with characteristic-based benchmarks},
  author={Daniel, Kent and Grinblatt, Mark and Titman, Sheridan and Wermers, Russ},
  journal={The Journal of finance},
  volume={52},
  number={3},
  pages={1035--1058},
  year={1997},
  publisher={Wiley Online Library}
}

@article{azen2003dominance,
  title={The dominance analysis approach for comparing predictors in multiple regression.},
  author={Azen, Razia and Budescu, David V},
  journal={Psychological methods},
  volume={8},
  number={2},
  pages={129},
  year={2003},
  publisher={American Psychological Association}
}

@article{davis2000characteristics,
  title={Characteristics, covariances, and average returns: 1929 to 1997},
  author={Davis, James L and Fama, Eugene F and French, Kenneth R},
  journal={The Journal of Finance},
  volume={55},
  number={1},
  pages={389--406},
  year={2000},
  publisher={Wiley Online Library}
}

@article{FAMA20151,
title = "A five-factor asset pricing model",
journal = "Journal of Financial Economics",
volume = "116",
number = "1",
pages = "1 - 22",
year = "2015",
issn = "0304-405X",
doi = "https://doi.org/10.1016/j.jfineco.2014.10.010",
url = "http://www.sciencedirect.com/science/article/pii/S0304405X14002323",
author = "Eugene F. Fama and Kenneth R. French",
keywords = "Asset pricing model, Factor model, Dividend discount model, Profitability, Investment"
}

@article{pukthuanthong2014resolving,
  title={Resolving the errors-in-variables bias in risk premium estimation},
  author={Pukthuanthong, Kuntara and Roll, Richard and Wang, Junbo L},
  year={2014}
}

@article{fama2016dissecting,
  title={Dissecting anomalies with a five-factor model},
  author={Fama, Eugene F and French, Kenneth R},
  journal={The Review of Financial Studies},
  volume={29},
  number={1},
  pages={69--103},
  year={2016},
  publisher={Oxford University Press}
}

@article{busse2017double,
  title={Double-Adjusted Mutual Fund Performance},
  author={Busse, Jeffrey and Jiang, Lei and Tang, Yuehua},
  year={2017}
}

@misc{nelson1988distribution,
  title={The Distribution of the Instrumental Variables Estimator and Its t-RatioWhen the Instrument is a Poor One},
  author={Nelson, Charles and Startz, Richard},
  year={1988},
  publisher={National Bureau of Economic Research Cambridge, Mass., USA}
}

@article{jegadeesh2013empirical,
  title={Empirical tests of asset pricing models with individual stocks},
  author={Jegadeesh, Narasimhan and Noh, Joonki},
  year={2013}
}

@article{frazzini2014betting,
  title={Betting against beta},
  author={Frazzini, Andrea and Pedersen, Lasse Heje},
  journal={Journal of Financial Economics},
  volume={111},
  number={1},
  pages={1--25},
  year={2014},
  publisher={Elsevier}
}

@article{lewellen2010skeptical,
  title={A skeptical appraisal of asset pricing tests},
  author={Lewellen, Jonathan and Nagel, Stefan and Shanken, Jay},
  journal={Journal of Financial economics},
  volume={96},
  number={2},
  pages={175--194},
  year={2010},
  publisher={Elsevier}
}


@article{huij2009use,
  title={On the use of multifactor models to evaluate mutual fund performance},
  author={Huij, Joop and Verbeek, Marno},
  journal={Financial Management},
  volume={38},
  number={1},
  pages={75--102},
  year={2009},
  publisher={Wiley Online Library}
}

@article{davis2000characteristics,
  title={Characteristics, covariances, and average returns: 1929 to 1997},
  author={Davis, James L and Fama, Eugene F and French, Kenneth R},
  journal={The Journal of Finance},
  volume={55},
  number={1},
  pages={389--406},
  year={2000},
  publisher={Wiley Online Library}
}

@article{christopherson1999performance,
  title={Performance evaluation using conditional alphas and betas},
  author={Christopherson, Jon A and Ferson, Wayne E and Turner, Andrew L},
  journal={Journal of Portfolio Management},
  volume={26},
  pages={59--72},
  year={1999},
  publisher={INSTITUTIONAL INVESTOR INC}
}

@article{pastor2002investing,
  title={Investing in equity mutual funds},
  author={P{\'a}stor, L'ubo{\v{s}} and Stambaugh, Robert F},
  journal={Journal of Financial Economics},
  volume={63},
  number={3},
  pages={351--380},
  year={2002},
  publisher={Elsevier}
}

@article{ferson1995method,
  title={METHOD OF MOMENTS: TESTS OF LATENT VARIABLE MODELS},
  author={Ferson, Wayne E and Foerster, Stephen R},
  year={1995}
}

@article{zeger1991generalized,
  title={Generalized linear models with random effects; a Gibbs sampling approach},
  author={Zeger, Scott L and Karim, M Rezaul},
  journal={Journal of the American statistical association},
  volume={86},
  number={413},
  pages={79--86},
  year={1991},
  publisher={Taylor \& Francis Group}
}

@book{gelman2014bayesian,
  title={Bayesian data analysis},
  author={Gelman, Andrew and Carlin, John B and Stern, Hal S and Dunson, David B and Vehtari, Aki and Rubin, Donald B},
  volume={2},
  year={2014},
  publisher={CRC press Boca Raton, FL}
}

@article{hobert1996effect,
  title={The effect of improper priors on Gibbs sampling in hierarchical linear mixed models},
  author={Hobert, James P and Casella, George},
  journal={Journal of the American Statistical Association},
  volume={91},
  number={436},
  pages={1461--1473},
  year={1996},
  publisher={Taylor \& Francis}
}

@article{cremers2006multifactor,
  title={Multifactor efficiency and Bayesian inference},
  author={Cremers, KJ Martijn},
  journal={The Journal of Business},
  volume={79},
  number={6},
  pages={2951--2998},
  year={2006},
  publisher={JSTOR}
}

% @article{ang2007capm,
%   title={CAPM over the long run: 1926--2001},
%   author={Ang, Andrew and Chen, Joseph},
%   journal={Journal of Empirical Finance},
%   volume={14},
%   number={1},
%   pages={1--40},
%   year={2007},
%   publisher={Elsevier}
% }

@article{barras2010false,
  title={False discoveries in mutual fund performance: Measuring luck in estimated alphas},
  author={Barras, Laurent and Scaillet, Olivier and Wermers, Russ},
  journal={The journal of finance},
  volume={65},
  number={1},
  pages={179--216},
  year={2010},
  publisher={Wiley Online Library}
}

@article{avramov2006asset,
  title={Asset pricing models and financial market anomalies},
  author={Avramov, Doron and Chordia, Tarun},
  journal={The Review of Financial Studies},
  volume={19},
  number={3},
  pages={1001--1040},
  year={2006},
  publisher={Oxford University Press}
}

@article{ferson2008asset,
  title={Asset pricing models with conditional betas and alphas: The effects of data snooping and spurious regression},
  author={Ferson, Wayne E and Sarkissian, Sergei and Simin, Timothy},
  journal={Journal of Financial and Quantitative Analysis},
  volume={43},
  number={2},
  pages={331--353},
  year={2008},
  publisher={Cambridge University Press}
}


@article{chordia2015cross,
  title={Cross-sectional asset pricing with individual stocks: betas versus characteristics},
  author={Chordia, Tarun and Goyal, Amit and Shanken, Jay A},
  year={2015}
}

@book{wooldridge2010econometric,
  title={Econometric analysis of cross section and panel data},
  author={Wooldridge, Jeffrey M},
  year={2010},
  publisher={MIT press}
}

@article{amihud2013mutual,
  title={Mutual fund's R 2 as predictor of performance},
  author={Amihud, Yakov and Goyenko, Ruslan},
  journal={The Review of Financial Studies},
  volume={26},
  number={3},
  pages={667--694},
  year={2013},
  publisher={Society for Financial Studies}
}


@article{lipovetsky2001analysis,
  title={Analysis of regression in game theory approach},
  author={Lipovetsky, Stan and Conklin, Michael},
  journal={Applied Stochastic Models in Business and Industry},
  volume={17},
  number={4},
  pages={319--330},
  year={2001},
  publisher={Wiley Online Library}
}

@article{chevan1991hierarchical,
  title={Hierarchical partitioning},
  author={Chevan, Albert and Sutherland, Michael},
  journal={The American Statistician},
  volume={45},
  number={2},
  pages={90--96},
  year={1991},
  publisher={Taylor \& Francis}
}

@techreport{lindeman1980introduction,
  title={Introduction to bivariate and multivariate analysis},
  author={Lindeman, Richard Harold and Lindeman, Richard Harold},
  year={1980}
}

@article{jegadeesh2016empirical,
  title={Empirical tests of asset pricing models with individual assets: resolving the errors-in-variables bias in risk premium estimation},
  author={Jegadeesh, Narasimhan and Noh, Joonki and Pukthuanthong, Kuntara and Roll, Richard and Wang, Junbo L},
  year={2016}
}

@article{christensen1992comment,
  title={Comment on Chevan and Sutherland},
  author={Christensen, Ronald},
  journal={The American Statistician},
  volume={46},
  pages={74},
  year={1992}
}

@article{kruskal1987relative,
  title={Relative importance by averaging over orderings},
  author={Kruskal, William},
  journal={The American Statistician},
  volume={41},
  number={1},
  pages={6--10},
  year={1987},
  publisher={Taylor \& Francis Group}
}

@article{fama1992cross,
  title={The cross-section of expected stock returns},
  author={Fama, Eugene F and French, Kenneth R},
  journal={the Journal of Finance},
  volume={47},
  number={2},
  pages={427--465},
  year={1992},
  publisher={Wiley Online Library}
}

@article{jegadeesh2001profitability,
  title={Profitability of momentum strategies: An evaluation of alternative explanations},
  author={Jegadeesh, Narasimhan and Titman, Sheridan},
  journal={The Journal of finance},
  volume={56},
  number={2},
  pages={699--720},
  year={2001},
  publisher={Wiley Online Library}
}

@article{wermers2000mutual,
  title={Mutual fund performance: An empirical decomposition into stock-picking talent, style, transactions costs, and expenses},
  author={Wermers, Russ},
  journal={The Journal of Finance},
  volume={55},
  number={4},
  pages={1655--1695},
  year={2000},
  publisher={Wiley Online Library}
}

@article{fama2010luck,
  title={Luck versus skill in the cross-section of mutual fund returns},
  author={Fama, Eugene F and French, Kenneth R},
  journal={The journal of finance},
  volume={65},
  number={5},
  pages={1915--1947},
  year={2010},
  publisher={Wiley Online Library}
}

@article{petersen2009estimating,
  title={Estimating standard errors in finance panel data sets: Comparing approaches},
  author={Petersen, Mitchell A},
  journal={The Review of Financial Studies},
  volume={22},
  number={1},
  pages={435--480},
  year={2009},
  publisher={Oxford University Press}
}

@misc{newey1986simple,
  title={A simple, positive semi-definite, heteroskedasticity and autocorrelationconsistent covariance matrix},
  author={Newey, Whitney K and West, Kenneth D},
  year={1986},
  publisher={National Bureau of Economic Research Cambridge, Mass., USA}
}

@article{badrinath2002momentum,
  title={Momentum trading by institutions},
  author={Badrinath, Swaminathan G and Wahal, Sunil},
  journal={The Journal of Finance},
  volume={57},
  number={6},
  pages={2449--2478},
  year={2002},
  publisher={Wiley Online Library}
}

@article{houge2006invesrtors,
  title={Do Invesrtors Capture the Value Premium?},
  author={Houge, Todd and Lughran, Tim},
  journal={Financial Management},
  volume={35},
  number={2},
  pages={5--19},
  year={2006},
  publisher={Wiley Online Library}
}

@article{fama1993common,
  title={Common risk factors in the returns on stocks and bonds},
  author={Fama, Eugene F and French, Kenneth R},
  journal={Journal of financial economics},
  volume={33},
  number={1},
  pages={3--56},
  year={1993},
  publisher={Elsevier}
}

@techreport{theil1971principles,
  title={Principles of econometrics},
  author={Theil, Henri and Theil, Henri},
  year={1971}
}

@article{frazzini2008dumb,
  title={Dumb money: Mutual fund flows and the cross-section of stock returns},
  author={Frazzini, Andrea and Lamont, Owen A},
  journal={Journal of financial economics},
  volume={88},
  number={2},
  pages={299--322},
  year={2008},
  publisher={Elsevier}
}

@techreport{brown2003investor,
  title={Investor sentiment in Japanese and US daily mutual fund flows},
  author={Brown, Stephen J and Goetzmann, William N and Hiraki, Takato and Shirishi, Noriyoshi and Watanabe, Masahiro},
  year={2003},
  institution={National Bureau of Economic Research}
}

@article{guo2016mutual,
  title={Mutual Fund Style Volatility and Fund Flows},
  author={Guo, Xuemei},
  year={2016}
}

@article{cooper2005changing,
  title={Changing names with style: Mutual fund name changes and their effects on fund flows},
  author={Cooper, Michael J and Gulen, Huseyin and Rau, P Raghavendra},
  journal={The Journal of Finance},
  volume={60},
  number={6},
  pages={2825--2858},
  year={2005},
  publisher={Wiley Online Library}
}

@article{gruber1996another,
  title={Another puzzle: The growth in actively managed mutual funds},
  author={Gruber, Martin J},
  journal={The journal of finance},
  volume={51},
  number={3},
  pages={783--810},
  year={1996},
  publisher={Wiley Online Library}
}

@article{sirri1998costly,
  title={Costly search and mutual fund flows},
  author={Sirri, Erik R and Tufano, Peter},
  journal={The journal of finance},
  volume={53},
  number={5},
  pages={1589--1622},
  year={1998},
  publisher={Wiley Online Library}
}

@techreport{daniel2017short,
  title={Short and Long Horizon Behavioral Factors},
  author={Daniel, Kent and Hirshleifer, David and Sun, Lin},
  year={2017},
  institution={National Bureau of Economic Research}
}

@article{kamstra2017momentum,
  title={Momentum, Reversals, and other Puzzles in Fama-MacBeth Cross-Sectional Regressions},
  author={Kamstra, Mark J},
  year={2017}
}

@article{britten2011improved,
  title={Improved inference in regression with overlapping observations},
  author={Britten-Jones, Mark and Neuberger, Anthony and Nolte, Ingmar},
  journal={Journal of Business Finance \& Accounting},
  volume={38},
  number={5-6},
  pages={657--683},
  year={2011},
  publisher={Wiley Online Library}
}

@article{ghysels2005there,
  title={There is a risk-return trade-off after all},
  author={Ghysels, Eric and Santa-Clara, Pedro and Valkanov, Rossen},
  journal={Journal of Financial Economics},
  volume={76},
  number={3},
  pages={509--548},
  year={2005},
  publisher={Elsevier}
}

@article{hou2015digesting,
  title={Digesting anomalies: An investment approach},
  author={Hou, Kewei and Xue, Chen and Zhang, Lu},
  journal={The Review of Financial Studies},
  volume={28},
  number={3},
  pages={650--705},
  year={2015},
  publisher={Oxford University Press}
}

@article{fama2008dissecting,
  title={Dissecting anomalies},
  author={Fama, Eugene F and French, Kenneth R},
  journal={The Journal of Finance},
  volume={63},
  number={4},
  pages={1653--1678},
  year={2008},
  publisher={Wiley Online Library}
}

@article{ang2008using,
  title={Using individual stocks or portfolios in tests of factor models},
  author={Ang, Andrew and Liu, Jun and Schwarz, Krista},
  year={2008}
}

@article{ippolito1992consumer,
  title={Consumer reaction to measures of poor quality: Evidence from the mutual fund industry},
  author={Ippolito, Richard A},
  journal={The Journal of Law and Economics},
  volume={35},
  number={1},
  pages={45--70},
  year={1992},
  publisher={The University of Chicago Press}
}

@article{edelen2001aggregate,
  title={Aggregate price effects of institutional trading: a study of mutual fund flow and market returns},
  author={Edelen, Roger M and Warner, Jerold B},
  journal={Journal of Financial Economics},
  volume={59},
  number={2},
  pages={195--220},
  year={2001},
  publisher={Elsevier}
}

@article{warther1995aggregate,
  title={Aggregate mutual fund flows and security returns},
  author={Warther, Vincent A},
  journal={Journal of financial economics},
  volume={39},
  number={2-3},
  pages={209--235},
  year={1995},
  publisher={Elsevier}
}

@article{litzenberger1979effect,
  title={The effect of personal taxes and dividends on capital asset prices: Theory and empirical evidence},
  author={Litzenberger, Robert H and Ramaswamy, Krishna},
  journal={Journal of financial economics},
  volume={7},
  number={2},
  pages={163--195},
  year={1979},
  publisher={Elsevier}
}


@article{jensen1972capital,
  title={The capital asset pricing model: Some empirical tests},
  author={Jensen, Michael C and Black, Fischer and Scholes, Myron S},
  year={1972}
}

@article{liang2000portfolio,
  title={Portfolio formation, measurement errors, and beta shifts: A random sampling approach},
  author={Liang, Bing},
  journal={Journal of Financial Research},
  volume={23},
  number={3},
  pages={261--284},
  year={2000},
  publisher={Wiley Online Library}
}

@article{litzenberger1979effect,
  title={The effect of personal taxes and dividends on capital asset prices: Theory and empirical evidence},
  author={Litzenberger, Robert H and Ramaswamy, Krishna},
  journal={Journal of financial economics},
  volume={7},
  number={2},
  pages={163--195},
  year={1979},
  publisher={Elsevier}
}

@article{nydick2012wishart,
  title={The wishart and inverse wishart distributions},
  author={Nydick, Steven W},
  journal={Electron. J. Statist.},
  volume={6},
  pages={1--19},
  year={2012}
}

@article{black1974effects,
  title={The effects of dividend yield and dividend policy on common stock prices and returns},
  author={Black, Fischer and Scholes, Myron},
  journal={Journal of financial economics},
  volume={1},
  number={1},
  pages={1--22},
  year={1974},
  publisher={Elsevier}
}

@article{ang2007stock,
  title={Stock return predictability: Is it there?},
  author={Ang, Andrew and Bekaert, Geert},
  journal={Review of Financial studies},
  volume={20},
  number={3},
  pages={651--707},
  year={2007},
  publisher={Soc Financial Studies}
}

@article{bender2013earnings,
  title={Earnings quality revisited},
  author={Bender, Jennifer and Nielsen, Frank},
  journal={The Journal of Portfolio Management},
  volume={39},
  number={4},
  pages={69--79},
  year={2013}
}

@article{asness2014quality,
  title={Quality minus junk},
  author={Asness, Clifford S and Frazzini, Andrea and Pedersen, Lasse Heje},
  year={2014}
}


@article{shanken1990intertemporal,
  title={Intertemporal asset pricing: An empirical investigation},
  author={Shanken, Jay},
  journal={Journal of Econometrics},
  volume={45},
  number={1-2},
  pages={99--120},
  year={1990},
  publisher={Elsevier}
}

@article{chordia2012cross,
  title={Cross-Sectional Asset Pricing with Individual Stocks: Betas versus Characteristics},
  author={Chordia, Tarun and Goyal, Amit and Shanken, Jay},
  year={2012}
}

@article{mcculloch1990posterior,
  title={Posterior, predictive, and utility-based approaches to testing the arbitrage pricing theory},
  author={McCulloch, Robert and Rossi, Peter E},
  journal={Journal of Financial Economics},
  volume={28},
  number={1-2},
  pages={7--38},
  year={1990},
  publisher={Elsevier}
}

@article{harvey1990bayesian,
  title={Bayesian inference in asset pricing tests},
  author={Harvey, Campbell R and Zhou, Guofu},
  journal={Journal of Financial Economics},
  volume={26},
  number={2},
  pages={221--254},
  year={1990},
  publisher={Elsevier}
}

@article{avramov2006asset,
  title={Asset pricing models and financial market anomalies},
  author={Avramov, Doron and Chordia, Tarun},
  journal={The Review of Financial Studies},
  volume={19},
  number={3},
  pages={1001--1040},
  year={2006},
  publisher={Oxford University Press}
}

@techreport{de2006gibbs,
  title={Gibbs sampling in econometric practice},
  author={De Pooter, Michiel and Segers, Rene and van Dijk, Herman},
  year={2006}
}

@article{geweke1992evaluating,
  title={Evaluating the accuracy of sampling-based approaches to the calculation of posterior moments},
  author={GEWEKE, J},
  journal={Bayesian Statistics},
  volume={4},
  pages={169--193},
  year={1992},
  publisher={Oxford University Press}
}


@article{cosemans2015estimating,
  title={Estimating security betas using prior information based on firm fundamentals},
  author={Cosemans, Mathijs and Frehen, Rik and Schotman, Peter C and Bauer, Rob},
  journal={The Review of Financial Studies},
  volume={29},
  number={4},
  pages={1072--1112},
  year={2015},
  publisher={Oxford University Press}
}

@article{bollen2004short,
  title={Short-term persistence in mutual fund performance},
  author={Bollen, Nicolas PB and Busse, Jeffrey A},
  journal={The Review of Financial Studies},
  volume={18},
  number={2},
  pages={569--597},
  year={2004},
  publisher={Oxford University Press}
}

@article{brown1995performance,
  title={Performance persistence},
  author={Brown, Stephen J and Goetzmann, William N},
  journal={The Journal of finance},
  volume={50},
  number={2},
  pages={679--698},
  year={1995},
  publisher={Wiley Online Library}
}

@article{wermers1997momentum,
  title={Momentum investment strategies of mutual funds, performance persistence, and survivorship bias},
  author={Wermers, Russ},
  journal={Unpublished Working Paper, University of Colorado,[downloaded from http://bus. colorado. edu/faculty/wermers/.]},
  year={1997}
}

@article{jordan2016skill,
  title={Skill and persistence in mutual fund returns: Evidence from a six-factor model},
  author={Jordan, Bradford and Riley, Timothy},
  year={2016}
}

@article{grinblatt1992persistence,
  title={The persistence of mutual fund performance},
  author={Grinblatt, Mark and Titman, Sheridan},
  journal={The Journal of Finance},
  volume={47},
  number={5},
  pages={1977--1984},
  year={1992},
  publisher={Wiley Online Library}
}

@article{daniel1997measuring,
  title={Measuring mutual fund performance with characteristic-based benchmarks},
  author={Daniel, Kent and Grinblatt, Mark and Titman, Sheridan and Wermers, Russ},
  journal={The Journal of finance},
  volume={52},
  number={3},
  pages={1035--1058},
  year={1997},
  publisher={Wiley Online Library}
}


@article{vayanos2013institutional,
  title={An institutional theory of momentum and reversal},
  author={Vayanos, Dimitri and Woolley, Paul},
  journal={Review of Financial Studies},
  volume={26},
  number={5},
  pages={1087--1145},
  year={2013},
  publisher={Soc Financial Studies}
}


@article{shanken1992estimation,
  title={On the estimation of beta-pricing models},
  author={Shanken, Jay},
  journal={The review of financial studies},
  volume={5},
  number={1},
  pages={1--33},
  year={1992},
  publisher={Oxford University Press}
}

@article{raponi2017testing,
  title={Testing Beta-Pricing Models Using Large Cross-Sections},
  author={Raponi, Valentina and Robotti, Cesare and Zaffaroni, Paolo},
  year={2017}
}

@article{lou2012flow,
  title={A flow-based explanation for return predictability},
  author={Lou, Dong},
  journal={Review of financial studies},
  volume={25},
  number={12},
  pages={3457--3489},
  year={2012},
  publisher={Soc Financial Studies}
}


@article{fama1973risk,
  title={Risk, return, and equilibrium: Empirical tests},
  author={Fama, Eugene F and MacBeth, James D},
  journal={Journal of political economy},
  volume={81},
  number={3},
  pages={607--636},
  year={1973},
  publisher={The University of Chicago Press}
}
@article{white1980heteroskedasticity,
  title={A heteroskedasticity-consistent covariance matrix estimator and a direct test for heteroskedasticity},
  author={White, Halbert},
  journal={Econometrica: Journal of the Econometric Society},
  pages={817--838},
  year={1980},
  publisher={JSTOR}
}



@article{carhart1997persistence,
  title={On persistence in mutual fund performance},
  author={Carhart, Mark M},
  journal={The Journal of finance},
  volume={52},
  number={1},
  pages={57--82},
  year={1997},
  publisher={Wiley Online Library}
}



@article{jiang2014information,
  title={Information content when mutual funds deviate from benchmarks},
  author={Jiang, Hao and Verbeek, Marno and Wang, Yu},
  journal={Management Science},
  volume={60},
  number={8},
  pages={2038--2053},
  year={2014},
  publisher={INFORMS}
}

@article{chen2018characteristics,
  title={Characteristics-Based Factors},
  author={Chen, Zhuo and Liu, Bibo and Wang, Huijun and Wang, Zhengwei and Yu, Jianfeng},
  year={2018}
}



@article{evans2004does,
  title={Does* alpha really matter? Evidence from mutual fund incubation, termination and manager change},
  author={Evans, Richard B},
  year={2004}
}

@article{kacperczyk2008unobserved,
  title={Unobserved actions of mutual funds},
  author={Kacperczyk, Marcin and Sialm, Clemens and Zheng, Lu},
  journal={Review of Financial Studies},
  volume={21},
  number={6},
  pages={2379--2416},
  year={2008},
  publisher={Soc Financial Studies}
}

@article{wermers2000mutual,
  title={Mutual fund performance: An empirical decomposition into stock-picking talent, style, transactions costs, and expenses},
  author={Wermers, Russ},
  journal={The Journal of Finance},
  volume={55},
  number={4},
  pages={1655--1703},
  year={2000},
  publisher={Wiley Online Library}
}

@article{grinblatt1992persistence,
  title={The persistence of mutual fund performance},
  author={Grinblatt, Mark and Titman, Sheridan},
  journal={The Journal of Finance},
  volume={47},
  number={5},
  pages={1977--1984},
  year={1992},
  publisher={Wiley Online Library}
}



@article{jegadeesh1993returns,
  title={Returns to buying winners and selling losers: Implications for stock market efficiency},
  author={Jegadeesh, Narasimhan and Titman, Sheridan},
  journal={The Journal of finance},
  volume={48},
  number={1},
  pages={65--91},
  year={1993},
  publisher={Wiley Online Library}
}


@article{cochrane1996cross,
  title={A cross-sectional test of an investment-based asset pricing model},
  author={Cochrane, John H},
  journal={Journal of Political Economy},
  volume={104},
  number={3},
  pages={572--621},
  year={1996},
  publisher={The University of Chicago Press}
}



@article{lou2016flow,
  title={Flow-Induced Trading Pressure and Corporate Investment},
  author={Lou, Xiaoxia and Wang, Yan Albert},
  year={2016}
}



@article{barber2016factors,
  title={Which factors matter to investors? Evidence from mutual fund flows},
  author={Barber, Brad M and Huang, Xing and Odean, Terrance},
  journal={The Review of Financial Studies},
  volume={29},
  number={10},
  pages={2600--2642},
  year={2016},
  publisher={Oxford University Press}
}


@article{fama2012size,
  title={Size, value, and momentum in international stock returns},
  author={Fama, Eugene F and French, Kenneth R},
  journal={Journal of financial economics},
  volume={105},
  number={3},
  pages={457--472},
  year={2012},
  publisher={Elsevier}
}


@article{fama1996multifactor,
  title={Multifactor explanations of asset pricing anomalies},
  author={Fama, Eugene F and French, Kenneth R},
  journal={The journal of finance},
  volume={51},
  number={1},
  pages={55--84},
  year={1996},
  publisher={Wiley Online Library}
}


